@article{montes2023participacion,
  author       = {Montes Serrano, Uriel and Tineo Quispe, Luis Enrique},
  title        = {La participación de los pueblos indígenas en las políticas públicas de las escuelas rurales en el Perú y los desafíos de la Educación Intercultural Bilingüe en el contexto actual},
  journal      = {Revista Iberoamericana de Educación},
  year         = {2023},
  volume       = {91},
  number       = {1},
  pages        = {135--144},
  doi          = {10.35362/rie9115411},
}

@misc{quichca2023educacionrural,
  author       = {Quichca Castro, Yanela Rosalba},
  title        = {Estado del arte sobre los desafíos que enfrenta la Educación Básica Rural para lograr escuelas de calidad en el Perú},
  year         = {2023},
  month        = {marzo},
  institution  = {Pontificia Universidad Católica del Perú},
  type         = {Tesis de Bachillerato},
  url          = {http://hdl.handle.net/20.500.12404/24373},
  note         = {Acceso a texto completo limitado a comunidad PUCP},
}

@article{Torres_Gonzalez_Acevedo_Correa_Gallo_Garcia_2016, title={Causas y consecuencias de la deserción y repitencia escolar: Una visión general en el contexto latinoamericano}, volume={6}, url={https://revistascientificas.cuc.edu.co/culturaeducacionysociedad/article/view/904}, abstractNote={El objetivo de este trabajo fue realizar una revisión analítica sobre las problemáticas de la deserción y la repitencia escolar, enfocándose en investigar las causas o factores que las generan y las consecuencias que acarrean para los sistema educativos en Latinoamérica, dado que la educación en todos los niveles es indispensable para el desarrollo social. Las fuentes de información fueron bases de datos de alcance e importancia en el contexto latinoamericano e internacional. Las investigaciones indicaron que la deserción es un fenómeno multicausal, asociada a las características personales de los estudiantes que ingresan a los centros educativos, pasando por los componentes familiares, como el bajo nivel de educación e ingreso de los padres, hasta agentes externos como los niveles socioeconómicos, institucionales, culturales,políticos y socio-lingüísticos de las comunidades donde viven quienes desertan.  Por su parte la repitencia, también se entendió como un fenómeno complejo, asociada más con la biografía personal y académica de los estudiantes, así como con la elección libre de los estudios, adaptación al sistema educativo, edad, género, estado civil, expectativas personales insatisfechas, relaciones intrafamiliares y motivación de los estudiantes. En general, conociendo los factores asociados a estas problemática y sus consecuencias, será posible lograr un verdadero impacto en su disminución, dado que se podrán diseñar estrategias integrales que incluyan acciones institucionales de revisión, ajuste a las políticas educativas, prácticas pedagógicas, contenidos curriculares, mejoramiento de la cualificación de los docentes, así como los asuntos de bienestar y convivencia de los jóvenes en el sistema educativo.&amp;lt;p&amp;gt; &amp;lt;/p&amp;gt;}, number={2}, journal={Cultura Educación y Sociedad}, author={Torres Gonzalez, Jose and Acevedo Correa, Diofanor and Gallo Garcia, Luis}, year={2016}, month={mar.} }

@article{elaner_antonio_arrieta_vega_2024_13517936,
  author       = {Eláner Antonio Arrieta Vega},
  title        = {Retos de la educación inclusiva en el marco de las
                   pruebas estandarizadas
                  },
  journal      = {Revista Latinoamericana de Calidad Educativa},
  year         = 2024,
  volume       = {v1},
  number       = 2,
  month        = jul,
  doi          = {10.5281/zenodo.13517936},
  url          = {https://doi.org/10.5281/zenodo.13517936},
}

@article{tacca2010ensenanza,
  author       = {Tacca Huamán, Daniel Rubén},
  title        = {La enseñanza de las ciencias naturales en la educación básica},
  journal      = {Investigación Educativa},
  volume       = {14},
  number       = {26},
  pages        = {139--152},
  year         = {2010},
  note         = {Disponible en línea},
  url          = {https://repositorio.minedu.gob.pe/handle/20.500.12799/2327},
}

@article{susi_educative_games,
author = {Susi, Tarja and Johannesson, Mikael and Backlund, Per},
journal = {},
year = {2015},
month = {11},
pages = {},
title = {Serious Games - An Overview}
}

@misc{umcPISA2022presentation,
  author       = {{Oficina de Medición de la Calidad, Ministerio de Educación (Perú)}},
  title        = {Presentación de Resultados PISA 2022 – Perú},
  year         = {2024},
  howpublished = {\url{https://umc.minedu.gob.pe/wp-content/uploads/2024/10/Presentaci%C3%B3n-de-resultados-PISA-2022-Per%C3%BA.pdf}},
  note         = {Consultado el 8 de septiembre de 2025}
}

@article{renato_educacion,
  title={Educaci{\'o}n rural en el Per{\'u}, entre la desigualdad y la pandemia: desaf{\'\i}os para la educaci{\'o}n virtual Renato Alonso Llerena Lanza Cesar Augusto S{\'a}nchez Narv{\'a}ez 2},
  author={LA, PRESENCIA MIRADAS DESDE Y HACIA},
year=2020,
journal={}
}
